<record><header><identifier>oai:alma.01GALI_EMORY:990002589250302486</identifier><datestamp>2021-01-28T18:48:00Z</datestamp><setSpec>ejournals</setSpec><setSpec>blacklight4</setSpec><setSpec>blacklight</setSpec></header><metadata>
<record xmlns="http://www.loc.gov/MARC21/slim" xmlns:xsi="http://www.w3.org/2001/XMLSchema-instance" xsi:schemaLocation="http://www.loc.gov/MARC21/slim http://www.loc.gov/standards/marcxml/schema/MARC21slim.xsd" ><leader>02308das a2200541 a 4500</leader><controlfield tag="005">20160418192011.0</controlfield><controlfield tag="006">m        d f      </controlfield><controlfield tag="007">cr anu        </controlfield><controlfield tag="008">031218c19uu9999dcuzr   ss   f0    0eng c</controlfield><controlfield tag="001">990002589250302486</controlfield><datafield tag="010" ind1=" " ind2=" "><subfield code="a">2003232466</subfield></datafield><datafield tag="035" ind1=" " ind2=" "><subfield code="a">(Aleph)000258925EMU01</subfield></datafield><datafield tag="035" ind1="9" ind2=" "><subfield code="a">u2321655</subfield></datafield><datafield tag="035" ind1=" " ind2=" "><subfield code="a">ocm53925833</subfield></datafield><datafield tag="040" ind1=" " ind2=" "><subfield code="a">GPO</subfield><subfield code="c">GPO</subfield><subfield code="d">MvI</subfield><subfield code="d">UtOrBLW</subfield></datafield><datafield tag="042" ind1=" " ind2=" "><subfield code="a">lcd</subfield></datafield><datafield tag="043" ind1=" " ind2=" "><subfield code="a">n-us---</subfield></datafield><datafield tag="049" ind1=" " ind2=" "><subfield code="a">EMU#</subfield></datafield><datafield tag="074" ind1=" " ind2=" "><subfield code="a">0024-H-03 (online)</subfield></datafield><datafield tag="086" ind1="0" ind2=" "><subfield code="a">A 92.18/7-3:</subfield></datafield><datafield tag="130" ind1="0" ind2=" "><subfield code="a">Hogs and pigs, final estimates (Online)</subfield></datafield><datafield tag="245" ind1="1" ind2="0"><subfield code="a">Hogs and pigs, final estimates</subfield><subfield code="h">[electronic resource] /</subfield><subfield code="c">Agricultural Statistics Board, National Agricultural Statistics Service, U.S. Department of Agriculture.</subfield></datafield><datafield tag="264" ind1=" " ind2="1"><subfield code="a">[Washington, D.C.] :</subfield><subfield code="b">United States Dept. of Agriculture, National Agricultural Statistics Services, Agricultural Statistics Board.</subfield></datafield><datafield tag="310" ind1=" " ind2=" "><subfield code="a">Quinquennial</subfield></datafield><datafield tag="336" ind1=" " ind2=" "><subfield code="a">text</subfield><subfield code="b">txt</subfield><subfield code="2">rdacontent</subfield></datafield><datafield tag="337" ind1=" " ind2=" "><subfield code="a">computer</subfield><subfield code="b">c</subfield><subfield code="2">rdamedia</subfield></datafield><datafield tag="338" ind1=" " ind2=" "><subfield code="a">online resource</subfield><subfield code="b">cr</subfield><subfield code="2">rdacarrier</subfield></datafield><datafield tag="362" ind1="1" ind2=" "><subfield code="a">Began with: 1965-69?</subfield></datafield><datafield tag="490" ind1="1" ind2=" "><subfield code="a">Statistical bulletin</subfield></datafield><datafield tag="516" ind1="8" ind2=" "><subfield code="a">PDF and Text formats</subfield></datafield><datafield tag="538" ind1=" " ind2=" "><subfield code="a">Mode of access: Internet from the NASS web site. Address as of 12/17/03: http://www.usda.gov/nass/pubs/histdata.htm#sb; current access is available via PURL.</subfield></datafield><datafield tag="500" ind1=" " ind2=" "><subfield code="a">Description based on: 1988/92; title from title screen (viewed on Dec. 17, 2003).</subfield></datafield><datafield tag="500" ind1=" " ind2=" "><subfield code="a">Some v. distributed to depository libraries on microfiche.</subfield></datafield><datafield tag="500" ind1=" " ind2=" "><subfield code="a">Latest issue consulted: 1993/97.</subfield></datafield><datafield tag="530" ind1=" " ind2=" "><subfield code="a">Online version of print publication.</subfield></datafield><datafield tag="550" ind1=" " ind2=" "><subfield code="a">Issued by: National Agricultural Statistics Service, 1993/97-</subfield></datafield><datafield tag="650" ind1=" " ind2="0"><subfield code="a">Swine</subfield><subfield code="z">United States</subfield><subfield code="x">States</subfield><subfield code="v">Statistics</subfield><subfield code="v">Periodicals.</subfield><subfield code="0">(uri) http://id.loc.gov/authorities/subjects/sh85131235</subfield></datafield><datafield tag="650" ind1=" " ind2="0"><subfield code="a">Swine</subfield><subfield code="z">United States</subfield><subfield code="v">Statistics</subfield><subfield code="v">Periodicals.</subfield><subfield code="0">(uri) http://id.loc.gov/authorities/subjects/sh85131235</subfield></datafield><datafield tag="776" ind1="1" ind2=" "><subfield code="t">Hogs and pigs, final estimates for ...</subfield><subfield code="w">(DLC)sn 92023721</subfield><subfield code="w">(OCoLC)8383036</subfield></datafield><datafield tag="710" ind1="1" ind2=" "><subfield code="a">United States.</subfield><subfield code="b">National Agricultural Statistics Service.</subfield><subfield code="0">(uri) http://id.loc.gov/authorities/names/n85343209</subfield><subfield code="0">(uri) http://viaf.org/viaf/sourceID/LC|n85343209</subfield></datafield><datafield tag="710" ind1="1" ind2=" "><subfield code="a">United States.</subfield><subfield code="b">Agricultural Statistics Board.</subfield><subfield code="0">(uri) http://id.loc.gov/authorities/names/n85343208</subfield><subfield code="0">(uri) http://viaf.org/viaf/sourceID/LC|n85343208</subfield></datafield><datafield tag="830" ind1=" " ind2="0"><subfield code="a">Statistical bulletin (United States. Department of Agriculture)</subfield><subfield code="0">(uri) http://id.loc.gov/authorities/names/n42023327</subfield><subfield code="0">(uri) http://viaf.org/viaf/sourceID/LC|n42023327</subfield></datafield><datafield tag="856" ind1="4" ind2="0"><subfield code="u">http://purl.access.gpo.gov/GPO/LPS38134</subfield></datafield><datafield tag="910" ind1=" " ind2=" "><subfield code="a">RDA ENRICHED</subfield></datafield><datafield tag="910" ind1=" " ind2=" "><subfield code="a">MARS</subfield></datafield><datafield tag="940" ind1=" " ind2=" "><subfield code="a">MARCIVE</subfield></datafield><datafield tag="945" ind1=" " ind2=" "><subfield code="a">9DT</subfield><subfield code="2">20040118</subfield></datafield><datafield tag="949" ind1=" " ind2=" "><subfield code="a">ELECTRONIC ACCESS</subfield><subfield code="h">emugdonlin</subfield><subfield code="w">ASIS</subfield></datafield><datafield tag="999" ind1=" " ind2=" "><subfield code="b">marc21</subfield><subfield code="a">false</subfield></datafield><datafield tag="998" ind1=" " ind2=" "><subfield code="a">53293386160002486</subfield><subfield code="b">JOURNAL</subfield><subfield code="8">53293386160002486</subfield></datafield></record>
</metadata></record>