
<record><header><identifier>oai:alma.01GALI_EMORY:990028391040302486</identifier><datestamp>2021-01-28T18:48:00Z</datestamp><setSpec>blacklight4</setSpec><setSpec>blacklight</setSpec></header><metadata>
<record xmlns="http://www.loc.gov/MARC21/slim" xmlns:xsi="http://www.w3.org/2001/XMLSchema-instance" xsi:schemaLocation="http://www.loc.gov/MARC21/slim http://www.loc.gov/standards/marcxml/schema/MARC21slim.xsd" ><leader>01470cam a2200409 i 4500</leader><controlfield tag="005">20180821155157.0</controlfield><controlfield tag="008">780301s1977    dcu      s   f000 0 eng d</controlfield><controlfield tag="001">990028391040302486</controlfield><datafield tag="020" ind1=" " ind2=" "><subfield code="c">pbk.</subfield></datafield><datafield tag="035" ind1=" " ind2=" "><subfield code="a">(Aleph)002839104EMU01</subfield></datafield><datafield tag="035" ind1="9" ind2=" "><subfield code="a">u1170188</subfield></datafield><datafield tag="035" ind1=" " ind2=" "><subfield code="a">ocm03678784</subfield></datafield><datafield tag="035" ind1=" " ind2=" "><subfield code="a">(GPO)78008502</subfield></datafield><datafield tag="037" ind1=" " ind2=" "><subfield code="b">20250</subfield></datafield><datafield tag="040" ind1=" " ind2=" "><subfield code="c">GPO</subfield><subfield code="d">MvI</subfield><subfield code="d">UtOrBLW</subfield></datafield><datafield tag="043" ind1=" " ind2=" "><subfield code="a">n-us---</subfield></datafield><datafield tag="049" ind1=" " ind2=" "><subfield code="a">EMU#</subfield></datafield><datafield tag="074" ind1=" " ind2=" "><subfield code="a">15</subfield></datafield><datafield tag="086" ind1="0" ind2=" "><subfield code="a">A 1.34:588</subfield></datafield><datafield tag="110" ind1="1" ind2=" "><subfield code="a">United States.</subfield><subfield code="b">Crop Reporting Board.</subfield><subfield code="0">(uri) http://id.loc.gov/authorities/names/n80039710</subfield><subfield code="0">(uri) http://viaf.org/viaf/sourceID/LC|n80039710</subfield></datafield><datafield tag="245" ind1="1" ind2="0"><subfield code="a">Hogs and pigs :</subfield><subfield code="b">final estimates for 1970-75.</subfield></datafield><datafield tag="264" ind1=" " ind2="1"><subfield code="a">Washington :</subfield><subfield code="b">Dept. of Agriculture, Statistical Reporting Service, Crop Reporting Board,</subfield><subfield code="c">1977.</subfield></datafield><datafield tag="300" ind1=" " ind2=" "><subfield code="a">34 pages ;</subfield><subfield code="c">26 cm.</subfield></datafield><datafield tag="336" ind1=" " ind2=" "><subfield code="a">text</subfield><subfield code="b">txt</subfield><subfield code="2">rdacontent</subfield></datafield><datafield tag="337" ind1=" " ind2=" "><subfield code="a">unmediated</subfield><subfield code="b">n</subfield><subfield code="2">rdamedia</subfield></datafield><datafield tag="338" ind1=" " ind2=" "><subfield code="a">volume</subfield><subfield code="b">nc</subfield><subfield code="2">rdacarrier</subfield></datafield><datafield tag="490" ind1="1" ind2=" "><subfield code="a">Statistical bulletin - Dept. of Agriculture ; no. 588</subfield></datafield><datafield tag="500" ind1=" " ind2=" "><subfield code="a">Issued Dec. 1977.</subfield></datafield><datafield tag="650" ind1=" " ind2="0"><subfield code="a">Swine</subfield><subfield code="z">United States</subfield><subfield code="v">Statistics.</subfield><subfield code="0">(uri) http://id.loc.gov/authorities/subjects/sh85131235</subfield></datafield><datafield tag="773" ind1="1" ind2="8"><subfield code="w">990028390990302486</subfield><subfield code="t">Bound with: A 1.34:583-595 ; Potatoes and sweetpotatoes :1969-75 production, disposition, value, stocks &amp; utilization.</subfield></datafield><datafield tag="830" ind1=" " ind2="0"><subfield code="a">Statistical bulletin (United States. Department of Agriculture) ;</subfield><subfield code="v">no. 588.</subfield><subfield code="0">(uri) http://id.loc.gov/authorities/names/n42023327</subfield><subfield code="0">(uri) http://viaf.org/viaf/sourceID/LC|n42023327</subfield></datafield><datafield tag="910" ind1=" " ind2=" "><subfield code="a">RDA ENRICHED</subfield></datafield><datafield tag="910" ind1=" " ind2=" "><subfield code="a">MARS</subfield></datafield><datafield tag="940" ind1=" " ind2=" "><subfield code="a">CHILD RECORD DO NOT REMOVE OCLC HOLDINGS</subfield></datafield><datafield tag="949" ind1=" " ind2=" "><subfield code="a">000021000758</subfield><subfield code="b">EMU</subfield><subfield code="c">wd</subfield><subfield code="d">A 1.34:588</subfield></datafield><datafield tag="949" ind1=" " ind2=" "><subfield code="a">000021000759</subfield><subfield code="b">EMU</subfield><subfield code="c">wdmf</subfield><subfield code="d">A 1.34:588</subfield></datafield><datafield tag="949" ind1=" " ind2=" "><subfield code="a">000021000760</subfield><subfield code="b">EMU</subfield><subfield code="c">wdrx</subfield><subfield code="d">A 1.34:588</subfield></datafield><datafield tag="999" ind1=" " ind2=" "><subfield code="b">marc21</subfield><subfield code="a">false</subfield></datafield><datafield tag="HOL852" ind1=" " ind2=" "><subfield code="a">53293386160002486</subfield><subfield code="b">JOURNAL</subfield><subfield code="8">53293386160002486</subfield></datafield><datafield tag="HOLSP" ind1=" " ind2=" "><subfield code="a">true</subfield></datafield></record>
</ListRecords></OAI-PMH>